@misc{ protectFromDNS,
  author = {Collin Jackson and Adam Barth and Andrew Bortz and Weidong Shao and Dan Boneh},
  title = {Protecting Browsers from DNS Rebinding Attacks}, 
  booktitle = {In Proceedings of ACM CCS 07},
  howpublished = "\url{http:///crypto.stanford.edu/dns/dns-rebinding.pdf}",
  year = 2007
}

@misc{rebind,
  title={Remote attacks against SOHO routers},
  author={Heffner, Craig},
  howpublished = "\url{http://media.blackhat.com/bh-us-10/whitepapers/Heffner/BlackHat-USA-2010-Heffner-How-to-Hack-Millions-of-Routers-wp.pdf}",
  year={2010},
  publisher={February}
}
@misc{ blackhat,
author = "Byrne, D",
title = "Intranet Invasion Through Anti-DNS Pinning",
booktitle = "Black Hat Briengs",
year = 2007,
howpublished = "\url{https://www.blackhat.com/presentations/bh-usa-07/Byrne/Presentation/bh-usa-07-byrne.pdf}",
note = "Invited talk"
}

@article{grossman,
  title={Hacking Intranet Websites from the Outside: JavaScript malware just got a lot more dangerous},
  author={Grossman, Jeremiah and Niedzialkowski, T},
  journal={Blackhat USA},
  year={2006}
}


@inproceedings{puppetnets,
  title={Puppetnets: misusing web browsers as a distributed attack infrastructure},
  author={Lam, VT and Antonatos, Spiros and Akritidis, P and Anagnostakis, Kostas G},
  booktitle={Proceedings of the 13th ACM conference on Computer and communications security},
  pages={221--234},
  year={2006},
  organization={ACM}
}
